

@misc{contributor_2005, 
title       = {What is daemon? - definition from whatis.com}, 
url         = {https://www.techtarget.com/whatis/definition/daemon}, 
journal     = {WhatIs.com}, 
publisher   = {TechTarget}, 
author      = {Contributor, TechTarget}, 
year        = {2005}, 
month       = {Sep},
note        = "Accessed: 2022-05-01"
 }
 
@misc{shinta_2021, 
title       = {Apa itu Docker? Definisi, Fungsi, dan Cara Kerjanya from dewaweb}, 
url         = {https://www.dewaweb.com/blog/apa-itu-docker/}, 
journal     = {dewaweb},
publisher   = {Shinta}
author      = {Shinta, Amelia}, 
year        = {2021}, 
month       = {Dec},
note        = "Accessed: 2022-04-02"
 }